@article{RICH,
	title = "{COMPASS RICH}-1",
	journal = "Nuclear Instruments and Methods in Physics Research Section A: Accelerators, Spectrometers, Detectors and Associated Equipment",
	volume = "504",
	number = "1",
	pages = "354 - 355",
	year = "2003",
	note = "Proceedings of the 3rd International Conference on New Developments in Photodetection",
	issn = "0168-9002",
	doi = "https://doi.org/10.1016/S0168-9002(03)00769-1",
	url = "http://www.sciencedirect.com/science/article/pii/S0168900203007691",
	author = "E. Albrecht and G. Baum and R. Birsa and others",
	keywords = "COMPASS, VUV RICH, Cs",
	abstract = "RICH-1, one of the key detectors of the COMPASS experiment at CERN SPS, is described. Photon detectors are MWPCs equipped with CsI photo-cathodes."
}

@article{sandwich,
	title = "The COMPASS setup for physics with hadron beams",
	journal = "Nuclear Instruments and Methods in Physics Research Section A: Accelerators, Spectrometers, Detectors and Associated Equipment",
	volume = "779",
	pages = "69 - 115",
	year = "2015",
	issn = "0168-9002",
	doi = "https://doi.org/10.1016/j.nima.2015.01.035",
	url = "http://www.sciencedirect.com/science/article/pii/S0168900215000662",
	author = "P. Abbon and C. Adolph and R. Akhunzyanov and others",
}

@TECHREPORT{COMPASS,
	title   = {COMPASS-\rom{2} proposal},
	INSTITUTION = {European Organization for Nuclear Research},
	year    = {2010-05-17},
	author = {The COMPASS Collaboration}
}

@TECHREPORT{Henri,
	author = {Henri Clemens Pekeler},
	title = {Investigation of diffractively produced $\eta \pi$ and $\eta' \pi$ final states in COMPASS},
	type = {Masterarbeit in Physik},
	institution = {Helmholtz-Institut f√ºr Strahlen- und Kernphysik},
	year = {2019},
	month = "June"
}

